@misc{twitter,
  title = {How Twitter Uses Redis to Scale - 105TB RAM, 39MM QPS, 10,000+ Instances},
  howpublished = {\url{http://highscalability.com/blog/2014/9/8/how-twitter-uses-redis-to-scale-105tb-ram-39mm-qps-10000-ins.html}},
}

@misc{json,
  title = {JSON: The Fat-Free Alternative to XML},
  howpublished = {\url{http://www.json.org/fatfree.html}}
}
